<record><leader>00000cas a2200000 a 4500</leader><controlfield tag="001">56555136</controlfield><controlfield tag="008">040922d1895191uiluwr ne      0    0eng c</controlfield><datafield ind1=" " ind2=" " tag="010"><subfield code="a">sn2004061987</subfield></datafield><datafield ind1=" " ind2=" " tag="040"><subfield code="a">NVF</subfield><subfield code="b">eng</subfield><subfield code="c">NVF</subfield><subfield code="d">NVF</subfield><subfield code="d">OCLCQ</subfield><subfield code="d">OCLCF</subfield><subfield code="d">OCLCO</subfield></datafield><datafield ind1="1" ind2=" " tag="029"><subfield code="a">AU@</subfield><subfield code="b">000026246894</subfield></datafield><datafield ind1=" " ind2=" " tag="042"><subfield code="a">pcc</subfield></datafield><datafield ind1=" " ind2=" " tag="043"><subfield code="a">n-us-il</subfield></datafield><datafield ind1="0" ind2=" " tag="130"><subfield code="a">Weekly call (Troy, Ill.)</subfield></datafield><datafield ind1="1" ind2="4" tag="245"><subfield code="a">The weekly call.</subfield></datafield><datafield ind1="3" ind2=" " tag="246"><subfield code="a">Troy weekly call</subfield></datafield><datafield ind1=" " ind2=" " tag="260"><subfield code="a">Troy, Ill. :</subfield><subfield code="b">Edwards &amp; Droll,</subfield><subfield code="c">1895-</subfield></datafield><datafield ind1=" " ind2=" " tag="300"><subfield code="a">v.</subfield></datafield><datafield ind1=" " ind2=" " tag="310"><subfield code="a">Weekly</subfield></datafield><datafield ind1="0" ind2=" " tag="362"><subfield code="a">Vol. 1, no. 1 (May 2, 1895)-</subfield></datafield><datafield ind1=" " ind2=" " tag="588"><subfield code="a">Latest issue consulted: Vol. 9, no. 1 (Dec. 29, 1916).</subfield></datafield><datafield ind1=" " ind2="0" tag="651"><subfield code="a">Troy (Ill.)</subfield><subfield code="v">Newspapers.</subfield></datafield><datafield ind1=" " ind2="7" tag="655"><subfield code="a">Newspapers.</subfield><subfield code="2">fast</subfield><subfield code="0">(OCoLC)fst01423814</subfield></datafield><datafield ind1=" " ind2="7" tag="651"><subfield code="a">Illinois</subfield><subfield code="z">Troy.</subfield><subfield code="2">fast</subfield><subfield code="0">(OCoLC)fst01226871</subfield></datafield><datafield ind1=" " ind2=" " tag="752"><subfield code="a">United States</subfield><subfield code="b">Illinois</subfield><subfield code="c">Madison</subfield><subfield code="d">Troy.</subfield></datafield><datafield ind1="0" ind2="0" tag="780"><subfield code="t">Troy star</subfield><subfield code="w">(DLC)sn2002061117</subfield><subfield code="w">(OCoLC)49884743</subfield></datafield><datafield ind1="0" ind2="0" tag="785"><subfield code="t">Troy call</subfield><subfield code="w">(DLC)sn 88086088</subfield><subfield code="w">(OCoLC)17560046</subfield></datafield></record>